<record><leader>00000cas a22000007a 4500</leader><controlfield tag="001">33123769</controlfield><controlfield tag="008">950913d187u1uuumaudr ne      0    0eng d</controlfield><datafield ind1=" " ind2=" " tag="010"><subfield code="a">sn 95072042 </subfield></datafield><datafield ind1=" " ind2=" " tag="040"><subfield code="a">NVJ</subfield><subfield code="b">eng</subfield><subfield code="c">NVJ</subfield><subfield code="d">OCLCQ</subfield></datafield><datafield ind1=" " ind2=" " tag="042"><subfield code="a">msc</subfield></datafield><datafield ind1="0" ind2=" " tag="130"><subfield code="a">Meteor (Danvers, Mass.)</subfield></datafield><datafield ind1="1" ind2="4" tag="245"><subfield code="a">The meteor.</subfield></datafield><datafield ind1=" " ind2=" " tag="260"><subfield code="a">Danvers, Mass. :</subfield><subfield code="b">C.H. Shepard &amp; Co.</subfield></datafield><datafield ind1=" " ind2=" " tag="300"><subfield code="a">v.</subfield></datafield><datafield ind1=" " ind2=" " tag="310"><subfield code="a">Daily</subfield></datafield><datafield ind1=" " ind2=" " tag="588"><subfield code="a">Description based on: Vol. 4, no. 1 (Dec. 11/13, 1877).</subfield></datafield><datafield ind1=" " ind2=" " tag="752"><subfield code="a">United States</subfield><subfield code="b">Massachusetts</subfield><subfield code="c">Essex</subfield><subfield code="d">Danvers.</subfield></datafield></record>